@article{rabinowitz2011contrast,
  title={Contrast gain control in auditory cortex},
    author={Rabinowitz, Neil C and Willmore, Ben DB and Schnupp, Jan WH and King, Andrew J},
      journal={Neuron},
        volume={70},
	  number={6},
	    pages={1178--1191},
	      year={2011},
	        publisher={Elsevier}
		}



@article{abbott2005drivers,
  title={Drivers and modulators from push-pull and balanced synaptic input},
    author={Abbott, LF and Chance, Frances S},
      journal={Progress in brain research},
        volume={149},
	  pages={147--155},
	    year={2005},
	      publisher={Elsevier}
	      }

@article{carandini1997linearity,
  title={Linearity and normalization in simple cells of the macaque primary visual cortex},
    author={Carandini, Matteo and Heeger, David J and Movshon, J Anthony},
      journal={Journal of Neuroscience},
        volume={17},
	  number={21},
	    pages={8621--8644},
	      year={1997},
	        publisher={Soc Neuroscience}
		}

@article{natan2016gain,
  title={Gain Control in the Auditory Cortex Evoked by Changing Temporal Correlation of Sounds},
    author={Natan, Ryan G and Carruthers, Isaac M and Mwilambwe-Tshilobo, Laetitia and Geffen, Maria N},
      journal={Cerebral Cortex},
        volume={27},
	  number={3},
	    pages={2385--2402},
	      year={2016},
	        publisher={Oxford University Press}
		}

@article{natan2017cortical,
  title={Cortical interneurons ensure maintenance of frequency tuning following adaptation.},
    author={Natan, Ryan G and Rao, Winnie and Geffen, Maria Neimark},
      journal={bioRxiv},
        pages={172338},
	  year={2017},
	    publisher={Cold Spring Harbor Laboratory}
	    }

