@article{theobald2020active,
  title={Active learning narrows achievement gaps for underrepresented students in undergraduate science, technology, engineering, and math},
  author={Theobald, Elli J and Hill, Mariah J and Tran, Elisa and Agrawal, Sweta and Arroyo, E Nicole and Behling, Shawn and Chambwe, Nyasha and Cintr{\'o}n, Dianne Laboy and Cooper, Jacob D and Dunster, Gideon and others},
  journal={Proceedings of the National Academy of Sciences},
  volume={117},
  number={12},
  pages={6476--6483},
  year={2020},
  publisher={National Acad Sciences}
}

@article{savaria2017critical,
	title={A critical discourse analysis of engineering course syllabi and recommendations for increasing engagement among women in STEM},
	author={Savaria, Michael C and Monteiro, Kristina A},
	journal={Journal of STEM Education: Innovations and Research},
	volume={18},
	number={1},
	year={2017}
}

@article{kokkelenberg2010succeeds,
	title={Who succeeds in STEM studies? An analysis of Binghamton University undergraduate students},
	author={Kokkelenberg, Edward C and Sinha, Esha},
	journal={Economics of Education Review},
	volume={29},
	number={6},
	pages={935--946},
	year={2010},
	publisher={Elsevier}
}

@article{jones2018call,
	title={Call to action: Data, diversity, and STEM education},
	author={Jones, Jason and Williams, Aaron and Whitaker, Shanta and Yingling, Stephanie and Inkelas, Karen and Gates, John},
	journal={Change: The Magazine of Higher Learning},
	volume={50},
	number={2},
	pages={40--47},
	year={2018},
	publisher={Taylor \& Francis}
}

@article{estrada2016improving,
	title={Improving underrepresented minority student persistence in STEM},
	author={Estrada, Mica and Burnett, Myra and Campbell, Andrew G and Campbell, Patricia B and Denetclaw, Wilfred F and Guti{\'e}rrez, Carlos G and Hurtado, Sylvia and John, Gilbert H and Matsui, John and McGee, Richard and others},
	journal={CBEâ€”Life Sciences Education},
	volume={15},
	number={3},
	pages={es5},
	year={2016},
	publisher={Am Soc Cell Biol}
}