@article {ek84,
	AUTHOR = {Ermentrout, George Bard and Kopell, Nancy},
	TITLE = {Frequency plateaus in a chain of weakly coupled oscillators.
	{I}},
	JOURNAL = {SIAM J. Math. Anal.},
	FJOURNAL = {SIAM Journal on Mathematical Analysis},
	VOLUME = {15},
	YEAR = {1984},
	NUMBER = {2},
	PAGES = {215--237},
	ISSN = {0036-1410},
	MRCLASS = {58F21 (34C29)},
	MRNUMBER = {731864},
	MRREVIEWER = {Dieter H. Mayer},
	DOI = {10.1137/0515019},
	URL = {https://doi-org.resources.library.brandeis.edu/10.1137/0515019},
}

@article{shaw2012phase,
    title={Phase resetting in an asymptotically phaseless system: On the phase response of limit cycles verging on a heteroclinic orbit},
    author={Shaw, Kendrick M and Park, Young-Min and Chiel, Hillel J and Thomas, Peter J},
    journal={SIAM Journal on Applied Dynamical Systems},
    volume={11},
    number={1},
    pages={350--391},
    year={2012},
    publisher={SIAM}
}

@article{park2021coarse,
    title={Coarse-grained Stochastic Model of Myosin-Driven Vesicles into Dendritic Spines},
    author={Park, Youngmin and Singh, Prashant and Fai, Thomas G},
    journal={arXiv preprint arXiv:2107.07597},
    year={2021}
}

@article{fai2020global,
    title={Global asymptotic stability of an active disassembly model of flagellar length control},
    author={Fai, Thomas G and Park, Youngmin},
    journal={arXiv preprint arXiv:2010.08163},
    year={2020}
}

@article{mohan2020embedding,
	title={Embedding hard physical constraints in neural network coarse-graining of 3d turbulence},
	author={Mohan, Arvind T and Lubbers, Nicholas and Livescu, Daniel and Chertkov, Michael},
	journal={arXiv preprint arXiv:2002.00021},
	year={2020}
}

@article{glasser2011mapping,
	title={Mapping human cortical areas in vivo based on myelin content as revealed by T1-and T2-weighted MRI},
	author={Glasser, Matthew F and Van Essen, David C},
	journal={Journal of Neuroscience},
	volume={31},
	number={32},
	pages={11597--11616},
	year={2011},
	publisher={Soc Neuroscience}
}

@article{pelissier2020combining,
	title={Combining Parametric Land Surface Models with Machine Learning},
	author={Pelissier, Craig and Frame, Jonathan and Nearing, Grey},
	journal={arXiv preprint arXiv:2002.06141},
	year={2020}
}

@article {ermentrout1981,
	AUTHOR = {Ermentrout, G. Bard},
	TITLE = {{$n:m$} phase-locking of weakly coupled oscillators},
	JOURNAL = {J. Math. Biol.},
	FJOURNAL = {Journal of Mathematical Biology},
	VOLUME = {12},
	YEAR = {1981},
	NUMBER = {3},
	PAGES = {327--342},
	ISSN = {0303-6812},
	MRCLASS = {34C25 (70K10)},
	MRNUMBER = {632149},
	MRREVIEWER = {Philip J. Holmes},
	DOI = {10.1007/BF00276920},
	URL = {https://doi-org.resources.library.brandeis.edu/10.1007/BF00276920},
}

@book {kuramoto84,
	AUTHOR = {Kuramoto, Y.},
	TITLE = {Chemical oscillations, waves, and turbulence},
	SERIES = {Springer Series in Synergetics},
	VOLUME = {19},
	PUBLISHER = {Springer-Verlag, Berlin},
	YEAR = {1984},
	PAGES = {viii+156},
	ISBN = {3-540-13322-4},
	MRCLASS = {92A40 (00A69 58F40 76E99 80A32)},
	MRNUMBER = {762432},
	MRREVIEWER = {C. Drugarin},
	DOI = {10.1007/978-3-642-69689-3},
	URL = {https://doi.org/10.1007/978-3-642-69689-3},
}


@incollection{schwemmer,
	title={The theory of weakly coupled oscillators},
	author={Schwemmer, Michael A and Lewis, Timothy J},
	booktitle={Phase Response Curves in Neuroscience},
	pages={3--31},
	year={2012},
	publisher={Springer}
}

@article {dorfler2013,
	AUTHOR = {D\"{o}rfler, Florian and Chertkov, Michael and Bullo, Francesco},
	TITLE = {Synchronization in complex oscillator networks and smart
	grids},
	JOURNAL = {Proc. Natl. Acad. Sci. USA},
	FJOURNAL = {Proceedings of the National Academy of Sciences of the United
	States of America},
	VOLUME = {110},
	YEAR = {2013},
	NUMBER = {6},
	PAGES = {2005--2010},
	ISSN = {0027-8424},
	MRCLASS = {94C15 (34C15 34D06 37D45 94C99)},
	MRNUMBER = {3035218},
	DOI = {10.1073/pnas.1212134110},
	URL = {https://doi-org.resources.library.brandeis.edu/10.1073/pnas.1212134110},
}

@book {ermentrout2010,
	AUTHOR = {Ermentrout, G. Bard and Terman, David H.},
	TITLE = {Mathematical foundations of neuroscience},
	SERIES = {Interdisciplinary Applied Mathematics},
	VOLUME = {35},
	PUBLISHER = {Springer, New York},
	YEAR = {2010},
	PAGES = {xvi+422},
	ISBN = {978-0-387-87707-5},
	MRCLASS = {92B20 (34-01 34E15 37N25 92C05 93C20)},
	MRNUMBER = {2674516},
	MRREVIEWER = {Stephen Coombes},
	DOI = {10.1007/978-0-387-87708-2},
	URL = {https://doi-org.resources.library.brandeis.edu/10.1007/978-0-387-87708-2},
}

@article{wilson2020adaptive,
    title={An Adaptive Phase-Amplitude Reduction Framework Without ${O}(\epsilon)$ Constraints on Inputs},
    author={Wilson, Dan},
    journal={arXiv preprint arXiv:2011.10410},
    year={2020}
}

@article{park2021coarse,
    title={Coarse-grained Stochastic Model of Myosin-Driven Vesicles into Dendritic Spines},
    author={Park, Youngmin and Singh, Prashant and Fai, Thomas G},
    journal={arXiv preprint arXiv:2107.07597},
    year={2021}
}

@article{park2021high,
    title={High-Order Accuracy Computation of Coupling Functions for Strongly Coupled Oscillators},
    author={Park, Youngmin and Wilson, Dan D},
    journal={SIAM Journal on Applied Dynamical Systems},
    volume={20},
    number={3},
    pages={1464--1484},
    year={2021},
    publisher={SIAM}
}

@article {ermentrout2019recent,
	AUTHOR = {Ermentrout, Bard and Park, Youngmin and Wilson, Dan},
	TITLE = {Recent advances in coupled oscillator theory},
	JOURNAL = {Philos. Trans. Roy. Soc. A},
	FJOURNAL = {Philosophical Transactions of the Royal Society A.
	Mathematical, Physical and Engineering Sciences},
	VOLUME = {377},
	YEAR = {2019},
	NUMBER = {2160},
	PAGES = {20190092, 16},
	ISSN = {1364-503X},
	MRCLASS = {34C15 (34-02)},
	MRNUMBER = {4063090},
	DOI = {10.1098/rsta.2019.0092},
	URL = {https://doi-org.resources.library.brandeis.edu/10.1098/rsta.2019.0092},
}

%

@article{lee2018training,
	title={Training deep spiking convolutional neural networks with stdp-based unsupervised pre-training followed by supervised fine-tuning},
	author={Lee, Chankyu and Panda, Priyadarshini and Srinivasan, Gopalakrishnan and Roy, Kaushik},
	journal={Frontiers in neuroscience},
	volume={12},
	pages={435},
	year={2018},
	publisher={Frontiers}
}


@article{fuster2002frontal,
	title={Frontal lobe and cognitive development},
	author={Fuster, Joaquin M},
	journal={Journal of Neurocytology},
	volume={31},
	number={3-5},
	pages={373--385},
	year={2002},
	publisher={Springer}
}

@article{kopell2014beyond,
	title={Beyond the connectome: the dynome},
	author={Kopell, Nancy J and Gritton, Howard J and Whittington, Miles A and Kramer, Mark A},
	journal={Neuron},
	volume={83},
	number={6},
	pages={1319--1328},
	year={2014},
	publisher={Elsevier}
}

@article{millecamps2013axonal,
	title={Axonal transport deficits and neurodegenerative diseases},
	author={Millecamps, St{\'e}phanie and Julien, Jean-Pierre},
	journal={Nature Reviews Neuroscience},
	volume={14},
	number={3},
	pages={161--176},
	year={2013},
	publisher={Nature Publishing Group}
}


@article{ermentrout1981n,
	title={n: m Phase-locking of weakly coupled oscillators},
	author={Ermentrout, G Bard},
	journal={Journal of Mathematical Biology},
	volume={12},
	number={3},
	pages={327--342},
	year={1981},
	publisher={Springer}
}
@article{coombes2001phase,
	AUTHOR = {Coombes, S.},
	TITLE = {Phase locking in networks of synaptically coupled {M}c{K}ean
	relaxation oscillators},
	JOURNAL = {Phys. D},
	FJOURNAL = {Physica D. Nonlinear Phenomena},
	VOLUME = {160},
	YEAR = {2001},
	NUMBER = {3-4},
	PAGES = {173--188},
	ISSN = {0167-2789},
	MRCLASS = {34C15 (34C26 34C60 92C20)},
	MRNUMBER = {1872039},
	DOI = {10.1016/S0167-2789(01)00352-9},
	URL = {https://doi.org/10.1016/S0167-2789(01)00352-9},
}


@article {coombes2016synchrony,
	AUTHOR = {Coombes, Stephen and Thul, R\"{u}diger},
	TITLE = {Synchrony in networks of coupled non-smooth dynamical systems:
	extending the master stability function},
	JOURNAL = {European J. Appl. Math.},
	FJOURNAL = {European Journal of Applied Mathematics},
	VOLUME = {27},
	YEAR = {2016},
	NUMBER = {6},
	PAGES = {904--922},
	ISSN = {0956-7925},
	MRCLASS = {34C23 (34D06 92B20 92C20)},
	MRNUMBER = {3570010},
	MRREVIEWER = {Jonathan David Touboul},
	DOI = {10.1017/S0956792516000115},
	URL = {https://doi.org/10.1017/S0956792516000115},
}


@article{park2020circuit,
author = {Youngmin Park and Maria Neimark Geffen},
title = {Circuit model of auditory cortex},
journal = {PLOS Computational Biology},
volume = {16},
year = {2020},
number = {7},
pages = {e1008016}
}

@article{murza2011oscillation,
  title={Oscillation patterns in tori of modified FHN neurons},
  author={Murza, Adrian C},
  journal={Applied Mathematical Modeling},
  volume={35},
  number={3},
  pages={1096--1106},
  year={2011},
  publisher={Elsevier}
}

@article{nicks2018clusters,
  title={Clusters in nonsmooth oscillator networks},
  author={Nicks, Rachel and Chambon, Lucie and Coombes, Stephen},
  journal={Physical Review E},
  volume={97},
  number={3},
  pages={032213},
  year={2018},
  publisher={APS}
}

@book{golubitsky2003symmetry,
  title={The symmetry perspective: from equilibrium to chaos in phase space and physical space},
  author={Golubitsky, Martin and Stewart, Ian},
  volume={200},
  year={2003},
  publisher={Springer Science \& Business Media}
}

@article{golubitsky1986hopf,
	title={Hopf bifurcation with dihedral group symmetry-Coupled nonlinear oscillators},
	author={Golubitsky, Martin and Stewart, Ian},
	year={1986},
	journal={Contemporary Mathematics},
	volume={56}
}

@article{xu2020bifurcation,
	title={Bifurcation analysis and structural stability of simplicial oscillator populations},
	author={Xu, Can and Wang, Xuebin and Skardal, Per Sebastian},
	journal={Physical Review Research},
	volume={2},
	number={2},
	pages={023281},
	year={2020},
	publisher={APS}
}

@article{zou2009splay,
	title={Splay states in a ring of coupled oscillators: From local to global coupling},
	author={Zou, Wei and Zhan, Meng},
	journal={SIAM Journal on Applied Dynamical Systems},
	volume={8},
	number={3},
	pages={1324--1340},
	year={2009},
	publisher={SIAM}
}

@article{park2020dynamics,
	author = {Youngmin Park and Thomas G. Fai},
	title = {The Dynamics of Vesicles Driven Into Closed Constrictions by Molecular Motors},
	journal = {Bulletin of Mathematical Biology},
	volume = {82},
	year = {2020},
	number = {141},
	pages = {},
}

@article{wilson2020phase,
	title={Phase-amplitude reduction far beyond the weakly perturbed paradigm},
	author={Wilson, Dan},
	journal={Physical Review E},
	volume={101},
	number={2},
	pages={022220},
	year={2020},
	publisher={APS}
}

@article{wilson2019phase,
	title={Phase Models Beyond Weak Coupling},
	author={Wilson, Dan and Ermentrout, Bard},
	journal={Physical Review Letters},
	volume={123},
	number={16},
	pages={164101},
	year={2019},
	publisher={APS}
}