@article{kurebayashi2013,
  title = {Phase Reduction Method for Strongly Perturbed Limit Cycle Oscillators},
  author = {Kurebayashi, Wataru and Shirasaka, Sho and Nakao, Hiroya},
  journal = {Phys. Rev. Lett.},
  volume = {111},
  issue = {21},
  pages = {214101},
  numpages = {5},
  year = {2013},
  month = {Nov},
  publisher = {American Physical Society},
  doi = {10.1103/PhysRevLett.111.214101},
  url = {http://link.aps.org/doi/10.1103/PhysRevLett.111.214101}
}

@article{ermentrout1981,
year={1981},
issn={0303-6812},
journal={Journal of Mathematical Biology},
volume={12},
number={3},
doi={10.1007/BF00276920},
title={n:m Phase-locking of weakly coupled oscillators},
url={http://dx.doi.org/10.1007/BF00276920},
publisher={Springer-Verlag},
keywords={Integrate and fire; Oscillations; Phase-locking; Perturbation},
author={Ermentrout, G.Bard},
pages={327-342},
language={English}
}

@article{kopell:howard1973,
year={1973},
author={N. Kopell and L.N. Howard},
title={Plane wave solutions to reaction diffusion equations},
jounal={Studies in Appl. Math.},
volume={52},
pages={291-328}
}

@book{kuramoto:1984,
    address = {New York},
    author = {Kuramoto, Y.},
    citeulike-article-id = {6087841},
    keywords = {kuramoto\_model, synchronisation, thesis},
    posted-at = {2009-11-09 12:17:48},
    publisher = {Springer--Verlag},
    title = {{Chemical Oscillations, Waves, and Turbulence}},
    year = {1984}
}


@article{rubinetal:2013,
  title = {Analysis of Synchronization in a Slowly Changing Environment: How Slow Coupling Becomes Fast Weak Coupling},
  author = {Rubin, Jonathan J. and Rubin, Jonathan E. and Ermentrout, G. Bard},
  journal = {Phys. Rev. Lett.},
  volume = {110},
  issue = {20},
  pages = {204101},
  numpages = {5},
  year = {2013},
  month = {May},
  publisher = {American Physical Society},
  doi = {10.1103/PhysRevLett.110.204101},
  url = {http://link.aps.org/doi/10.1103/PhysRevLett.110.204101}
}

@article{maree1996slow,
  title={Slow passage through a pitchfork bifurcation},
  author={Mar{\'e}e, GJM},
  journal={SIAM Journal on Applied Mathematics},
  volume={56},
  number={3},
  pages={889--918},
  year={1996},
  publisher={SIAM}
}
@incollection{schwemmer2012theory,
  title={The theory of weakly coupled oscillators},
  author={Schwemmer, Michael A and Lewis, Timothy J},
  booktitle={Phase Response Curves in Neuroscience},
  pages={3--31},
  year={2012},
  publisher={Springer}
}

@article{pascal,
  title={The effects of spike frequency adaptation and negative feedback on the synchronization of neural oscillators},
  author={Ermentrout, Bard and Pascal, Matthew and Gutkin, Boris},
  journal={Neural Computation},
  volume={13},
  number={6},
  pages={1285--1310},
  year={2001},
  publisher={MIT Press}
}

@article{jeong07,
  title={Synchrony of neuronal oscillations controlled by {GABA}ergic reversal potentials},
  author={Jeong, Ho Young and Gutkin, Boris},
  journal={Neural Computation},
  volume={19},
  number={3},
  pages={706--729},
  year={2007},
  publisher={MIT Press}
}
