@article{wb96,
  title={Gamma oscillation by synaptic inhibition in a hippocampal interneuronal network model},
  author={Wang, Xiao-Jing and Buzs{\'a}ki, Gy{\"o}rgy},
  journal={The Journal of Neuroscience},
  volume={16},
  number={20},
  pages={6402--6413},
  year={1996},
  publisher={Soc Neuroscience}
}

@article{kureb13,
  title = {Phase reduction method for strongly perturbed limit cycle oscillators},
  author = {Kurebayashi, Wataru and Shirasaka, Sho and Nakao, Hiroya},
  journal = {Physical Review Letters},
  volume = {111},
  issue = {21},
  pages = {214101},
  numpages = {5},
  year = {2013},
  month = {Nov},
  publisher = {American Physical Society},
  doi = {10.1103/PhysRevLett.111.214101},
  url = {http://link.aps.org/doi/10.1103/PhysRevLett.111.214101}
}

@article{destexhe94,
  title={Synthesis of models for excitable membranes, synaptic transmission and neuromodulation using a common kinetic formalism},
  author={Destexhe, Alain and Mainen, Zachary F and Sejnowski, Terrence J},
  journal={Journal of Computational Neuroscience},
  volume={1},
  number={3},
  pages={195--230},
  year={1994},
  publisher={Springer}
}

@book{pikovsky,
  title={Synchronization: a universal concept in nonlinear sciences},
  author={Pikovsky, Arkady and Rosenblum, Michael and Kurths, J{\"u}rgen},
  volume={12},
  year={2003},
  publisher={Cambridge University Press}
}

@article{ermentrout2008,
  title={Reliability, synchrony and noise},
  author={Ermentrout, G Bard and Gal{\'a}n, Roberto F and Urban, Nathaniel N},
  journal={Trends in neurosciences},
  volume={31},
  number={8},
  pages={428--434},
  year={2008},
  publisher={Elsevier}
}


@article{galan2008,
  title={Optimal time scale for spike-time reliability: theory, simulations, and experiments},
  author={Gal{\'a}n, Roberto F and Ermentrout, G Bard and Urban, Nathaniel N},
  journal={Journal of Neurophysiology},
  volume={99},
  number={1},
  pages={277--283},
  year={2008},
  publisher={Am Physiological Soc}
}

@article{teramae2004,
  title={Robustness of the noise-induced phase synchronization in a general class of limit cycle oscillators},
  author={Teramae, Jun-nosuke and Tanaka, Dan},
  journal={Physical Review Letters},
  volume={93},
  number={20},
  pages={204103},
  year={2004},
  publisher={APS}
}



@article{kureb15,
  title={A criterion for timescale decomposition of external inputs for generalized phase reduction of limit-cycle oscillators},
  author={Kurebayashi, Wataru and Shirasaka, Sho and Nakao, Hiroya},
  journal={Nonlinear Theory and Its Applications, IEICE},
  volume={6},
  number={2},
  pages={171--180},
  year={2015},
  publisher={The Institute of Electronics, Information and Communication Engineers}
}


@article{mccormick1990,
  title={Properties of a hyperpolarization-activated cation current and its role in rhythmic oscillation in thalamic relay neurones.},
  author={McCORMICK, DAVID A and Pape, Hans-Christian},
  journal={The Journal of Physiology},
  volume={431},
  number={1},
  pages={291--318},
  year={1990},
  publisher={Wiley Online Library}
}
%% showed that the I_H was alterd by extracellular K concentration among other things



@article{ek84,
  title={Frequency plateaus in a chain of weakly coupled oscillators, {I}.},
  author={Ermentrout, George Bard and Kopell, Nancy},
  journal={SIAM Journal on Mathematical Analysis},
  volume={15},
  number={2},
  pages={215--237},
  year={1984},
  publisher={SIAM}
}


@article{ermentrout1981,
year={1981},
issn={0303-6812},
journal={Journal of Mathematical Biology},
volume={12},
number={3},
doi={10.1007/BF00276920},
title={n:m Phase-locking of weakly coupled oscillators},
url={http://dx.doi.org/10.1007/BF00276920},
publisher={Springer-Verlag},
keywords={Integrate and fire; Oscillations; Phase-locking; Perturbation},
author={Ermentrout, G.Bard},
pages={327-342},
language={English}
}

@article{kopellhoward,
year={1973},
author={N. Kopell and L.N. Howard},
title={Plane wave solutions to reaction diffusion equations},
jounal={Studies in Appl. Math.},
volume={52},
pages={291-328}
}

@book{kuramoto84,
    address = {New York},
    author = {Kuramoto, Y.},
    citeulike-article-id = {6087841},
    keywords = {kuramoto\_model, synchronisation, thesis},
    posted-at = {2009-11-09 12:17:48},
    publisher = {Springer--Verlag},
    title = {{Chemical oscillations, waves, and turbulence}},
    year = {1984}
}

@article{jeong07,
  title={Synchrony of neuronal oscillations controlled by {GABA}ergic reversal potentials},
  author={Jeong, Ho Young and Gutkin, Boris},
  journal={Neural Computation},
  volume={19},
  number={3},
  pages={706--729},
  year={2007},
  publisher={MIT Press}
}


@article{rubinrubin,
  title = {Analysis of Synchronization in a Slowly Changing Environment: How Slow Coupling Becomes Fast Weak Coupling},
  author = {Rubin, Jonathan J. and Rubin, Jonathan E. and Ermentrout, G. Bard},
  journal = {Physical Review Letters},
  volume = {110},
  issue = {20},
  pages = {204101},
  numpages = {5},
  year = {2013},
  month = {May},
  publisher = {American Physical Society},
  doi = {10.1103/PhysRevLett.110.204101},
  url = {http://link.aps.org/doi/10.1103/PhysRevLett.110.204101}
}

@article{maree1996slow,
  title={Slow passage through a pitchfork bifurcation},
  author={Mar{\'e}e, GJM},
  journal={SIAM Journal on Applied Mathematics},
  volume={56},
  number={3},
  pages={889--918},
  year={1996},
  publisher={SIAM}
}
@incollection{schwemmer,
  title={The theory of weakly coupled oscillators},
  author={Schwemmer, Michael A and Lewis, Timothy J},
  booktitle={Phase Response Curves in Neuroscience},
  pages={3--31},
  year={2012},
  publisher={Springer}
}



@article{cudmore,
  title={Spike-time precision and network synchrony are controlled by the homeostatic regulation of the {D}-type potassium current},
  author={Cudmore, Robert H and Fronzaroli-Molinieres, Laure and Giraud, Pierre and Debanne, Dominique},
  journal={The Journal of Neuroscience},
  volume={30},
  number={38},
  pages={12885--12895},
  year={2010},
  publisher={Soc Neuroscience}
}


@article{pfeuty,
  title={Electrical synapses and synchrony: the role of intrinsic currents},
  author={Pfeuty, Benjamin and Mato, Germ{\'a}n and Golomb, David and Hansel, David},
  journal={The Journal of Neuroscience},
  volume={23},
  number={15},
  pages={6280--6294},
  year={2003},
  publisher={Soc Neuroscience}
}


@article{stiefel1,
  title={Cholinergic neuromodulation changes phase response curve shape and type in cortical pyramidal neurons},
  author={Stiefel, Klaus M and Gutkin, Boris S and Sejnowski, Terrence J},
  journal={PloS One},
  volume={3},
  number={12},
  pages={e3947--e3947},
  year={2008},
  publisher={Public Library of Science}
}


@article{stiefel2,
  title={The effects of cholinergic neuromodulation on neuronal phase-response curves of modeled cortical neurons},
  author={Stiefel, Klaus M and Gutkin, Boris S and Sejnowski, Terrence J},
  journal={Journal of Computational Neuroscience},
  volume={26},
  number={2},
  pages={289--301},
  year={2009},
  publisher={Springer}
}


@article{pascal,
  title={The effects of spike frequency adaptation and negative feedback on the synchronization of neural oscillators},
  author={Ermentrout, Bard and Pascal, Matthew and Gutkin, Boris},
  journal={Neural Computation},
  volume={13},
  number={6},
  pages={1285--1310},
  year={2001},
  publisher={MIT Press}
}


@article{gutkinreyes,
  title={Phase-response curves give the responses of neurons to transient inputs},
  author={Gutkin, Boris S and Ermentrout, G Bard and Reyes, Alex D},
  journal={Journal of Neurophysiology},
  volume={94},
  number={2},
  pages={1623--1635},
  year={2005},
  publisher={Am Physiological Soc}
}

@book{keener,
  title={{Principles of applied mathematics}},
  author={Keener, James P},
  year={1988},
  publisher={Addison-Wesley}
}

@book{xpp,
  title={{Simulating, analyzing, and animating dynamical systems: a guide to {XPPAUT} for researchers and students}},
  author={Ermentrout, Bard},
  volume={14},
  year={2002},
  publisher={SIAM}
}



@article{cressman,
  title={The influence of sodium and potassium dynamics on excitability, seizures, and the stability of persistent states: {I}. Single neuron dynamics},
  author={Cressman Jr, John R and Ullah, Ghanim and Ziburkus, Jokubas and Schiff, Steven J and Barreto, Ernest},
  journal={Journal of Computational Neuroscience},
  volume={26},
  number={2},
  pages={159--170},
  year={2009},
  publisher={Springer}
}


@article{suyaari,
  title={Extracellular calcium modulates persistent sodium current-dependent burst-firing in hippocampal pyramidal neurons},
  author={Su, Hailing and Alroy, Gil and Kirson, Eilon D and Yaari, Yoel},
  journal={The Journal of Neuroscience},
  volume={21},
  number={12},
  pages={4173--4182},
  year={2001},
  publisher={Soc Neuroscience}
}



@article{mccormick1992,
  title={Cellular mechanisms underlying cholinergic and noradrenergic modulation of neuronal firing mode in the cat and guinea pig dorsal lateral geniculate nucleus},
  author={McCormick, David A},
  journal={The Journal of Neuroscience},
  volume={12},
  number={1},
  pages={278--289},
  year={1992},
  publisher={Soc Neuroscience}
}


@incollection{ebn,
  title={Phase response curves to measure ion channel effects on neurons},
  author={Ermentrout, G Bard and Beverlin II, Bryce and Netoff, Theoden},
  booktitle={{Phase response curves in neuroscience}},
  pages={207--236},
  year={2012},
  publisher={Springer}
}


@article{gorelova,
  title={Mechanisms of dopamine activation of fast-spiking interneurons that exert inhibition in rat prefrontal cortex},
  author={Gorelova, Natalia and Seamans, Jeremy K and Yang, Charles R},
  journal={Journal of Neurophysiology},
  volume={88},
  number={6},
  pages={3150--3166},
  year={2002},
  publisher={Am Physiological Soc}
}


@article{tamar,
  title={Phase-resetting curve determines how {BK} currents affect neuronal firing},
  author={Ly, Cheng and Melman, Tamar and Barth, Alison L and Ermentrout, G Bard},
  journal={Journal of Computational Neuroscience},
  volume={30},
  number={2},
  pages={211--223},
  year={2011},
  publisher={Springer}
}


@article{schultheiss2010,
  title={Phase response curve analysis of a full morphological globus pallidus neuron model reveals distinct perisomatic and dendritic modes of synaptic integration},
  author={Schultheiss, Nathan W and Edgerton, Jeremy R and Jaeger, Dieter},
  journal={The Journal of Neuroscience},
  volume={30},
  number={7},
  pages={2767--2782},
  year={2010},
  publisher={Soc Neuroscience}
}



@article{brown,
  title={On the phase reduction and response dynamics of neural oscillator populations},
  author={Brown, Eric  and Moehlis, Jeff and Holmes, Philip},
  journal={Neural Computation},
  volume={16},
  number={4},
  pages={673--715},
  year={2004},
  publisher={MIT Press}
}

@article{danzl,
  title={Partial phase synchronization of neural populations due to random {P}oisson inputs},
  author={Danzl, Per and Hansen, Robert and Bonnet, Guillaume and Moehlis, Jeff},
  journal={Journal of Computational Neuroscience},
  volume={25},
  number={1},
  pages={141--157},
  year={2008},
  publisher={Springer}
}


@article{sherman1994,
  title={Anti-phase, asymmetric and aperiodic oscillations in excitable cells—{I}. Coupled bursters},
  author={Sherman, Arthur},
  journal={Bulletin of Mathematical Biology},
  volume={56},
  number={5},
  pages={811--835},
  year={1994},
  publisher={Springer}
}


@article{itskovCurtoPastalkovaBuzsaki:2011:cell,
  title={Cell assembly sequences arising from spike threshold adaptation keep track of time in the hippocampus},
  author={Itskov, Vladimir and Curto, Carina and Pastalkova, Eva and Buzs{\'a}ki, Gy{\"o}rgy},
  journal={The Journal of Neuroscience},
  volume={31},
  number={8},
  pages={2828--2834},
  year={2011},
  publisher={Soc Neuroscience}
}

@article{PastalkovaItskovAmarasinghamBuzski:2008:Science,
  title={Internally generated cell assembly sequences in the rat hippocampus},
  author={Pastalkova, Eva and Itskov, Vladimir and Amarasingham, Asohan and Buzs{\'a}ki, Gy{\"o}rgy},
  journal={Science},
  volume={321},
  number={5894},
  pages={1322--1327},
  year={2008},
  publisher={American Association for the Advancement of Science}
}
